@article{1_Lu,
  title={Analysis and design of Coleman transform-based individual pitch controllers for wind-turbine load reduction},
  author={Lu, Q and Bowyer, R and Jones, B Ll},
  journal={Wind Energy},
  volume={18},
  number={8},
  pages={1451--1468},
  year={2015},
  publisher={Wiley Online Library}
}

@article{2_Kanev,
  title={Wind turbine extreme gust control},
  author={Kanev, Stoyan and van Engelen, Tim},
  journal={Wind Energy},
  volume={13},
  number={1},
  pages={18--35},
  year={2010},
  publisher={Wiley Online Library}
}

@incollection{3_Treiber,
  title={Wind Power Prediction with Machine Learning},
  author={Treiber, Nils Andr{\'e} and Heinermann, Justin and Kramer, Oliver},
  booktitle={Computational Sustainability},
  pages={13--29},
  year={2016},
  publisher={Springer}
}

@inproceedings{4_trudnowski,
  title={Independent pitch control using rotor position feedback for wind-shear and gravity fatigue reduction in a wind turbine},
  author={Trudnowski, Daniel and LeMieux, David},
  booktitle={American Control Conference, 2002. Proceedings of the 2002},
  volume={6},
  pages={4335--4340},
  year={2002},
  organization={IEEE}
}

@article{5_Bossanyi,
  title={Individual blade pitch control for load reduction},
  author={Bossanyi, EA},
  journal={Wind energy},
  volume={6},
  number={2},
  pages={119--128},
  year={2003},
  publisher={Wiley Online Library}
}

@inproceedings{6_Mirzaei,
  title={Individual pitch control using lidar measurements},
  author={Mirzaei, Mahmood and Henriksen, Lars Christian and Poulsen, Niels Kj{\o}lstad and Niemann, Hans Henrik and Hansen, Morten H},
  booktitle={Control Applications (CCA), 2012 IEEE International Conference on},
  pages={1646--1651},
  year={2012},
  organization={IEEE}
}


@techreport{7_Berg,
  title={Active Aerodynamic Blade Load Control Impacts on Utility-Scale Wind Turbines.},
  author={Berg, Dale E and Wilson, David G and Resor, Brian Ray and Barone, Matthew Franklin and Berg, Jonathan Charles and Kota, Sridhar and Ervin, Gregory},
  year={2009},
  institution={Sandia National Laboratories (SNL-NM), Albuquerque, NM (United States); Sandia National Laboratories, Albuquerque, NM}
}


@article{8_Wang,
  title={Model-free control design for multi-input multi-output aeroelastic system subject to external disturbance},
  author={Wang, Z and Behal, A and Marzocca, P},
  journal={Journal of Guidance Control and Dynamics},
  volume={34},
  number={2},
  pages={446},
  year={2011}
}

@article{9_Kumar,
  title={A Review on Different Pitch Angle Control Methods for Wind Turbines},
  author={Kumar, Sunil and Yadav, Gagan Deep},
  year={2016}
}

@inproceedings{10_Wilson,
  title={Active aerodynamic blade control design for load reduction on large wind turbines},
  author={Wilson, David G and Berg, Dale E and Barone, Mathew F and Berg, Jonathan C and Resor, Brian R and Lobitz, Don W},
  booktitle={European Wind Energy Conference, Marseille, France},
  volume={26},
  number={19},
  pages={643--678},
  year={2009}
}




@article{11_Wang,
  title={State of the art in the aeroelasticity of wind turbine blades: Aeroelastic modelling},
  author={Wang, Lin and Liu, Xiongwei and Kolios, Athanasios},
  journal={Renewable and Sustainable Energy Reviews},
  volume={64},
  pages={195--210},
  year={2016},
  publisher={Elsevier}
}

@article{12_Selvam,
  title={Individual pitch control for large scale wind turbines},
  author={Selvam, Kausihan},
  journal={ECN, The Netherlands},
  year={2007}
}

@article{13_Dolan,
  title={Simulation model of wind turbine 3p torque oscillations due to wind shear and tower shadow},
  author={Dolan, Dale SL and Lehn, Peter W},
  journal={IEEE Transactions on energy conversion},
  volume={21},
  number={3},
  pages={717--724},
  year={2006},
  publisher={IEEE}
}

@article{14_Selvam,
  title={Feedback--feedforward individual pitch control for wind turbine load reduction},
  author={Selvam, Kausihan and Kanev, Stoyan and van Wingerden, Jan Willem and van Engelen, Tim and Verhaegen, Michel},
  journal={International Journal of Robust and Nonlinear Control},
  volume={19},
  number={1},
  pages={72--91},
  year={2009},
  publisher={Wiley Online Library}
}

@article{15_bossanyi,
  title={The design of closed loop controllers for wind turbines},
  author={Bossanyi, E and Ervin, A},
  journal={Wind energy},
  volume={3},
  number={3},
  pages={149--163},
  year={2000},
  publisher={Wiley Online Library}
}


@article{17_Geyler,
  title={Robust multivariable pitch control design for load reduction on large wind turbines},
  author={Geyler, M and Caselitz, P},
  journal={Journal of solar energy engineering},
  volume={130},
  number={3},
  pages={031014},
  year={2008},
  publisher={American Society of Mechanical Engineers}
}

@article{18_Papadopoulos,
  title={Assessment of the strain gauge technique for measurement of wind turbine blade loads},
  author={Papadopoulos, K and Morfiadakis, E and Philippidis, TP and Lekou, DJ},
  journal={Wind Energy},
  volume={3},
  number={1},
  pages={35--65},
  year={2000},
  publisher={Wiley Online Library}
}

%not in spreadsheet yet
@incollection{19_ljung1998system,
  title={System identification},
  author={Ljung, Lennart},
  booktitle={Signal analysis and prediction},
  pages={163--173},
  year={1998},
  publisher={Springer}
}

@article{20_lio2017fundamental,
  title={Fundamental performance similarities between individual pitch control strategies for wind turbines},
  author={Lio, Wai Hou and Jones, Bryn Ll and Lu, Qian and Rossiter, JA},
  journal={International Journal of Control},
  volume={90},
  number={1},
  pages={37--52},
  year={2017},
  publisher={Taylor \& Francis}
}

% not in spreadsheet
@article{21_benasciutti2006comparison,
  title={Comparison of spectral methods for fatigue analysis of broad-band Gaussian random processes},
  author={Benasciutti, Denis and Tovo, Roberto},
  journal={Probabilistic Engineering Mechanics},
  volume={21},
  number={4},
  pages={287--299},
  year={2006},
  publisher={Elsevier}
}

% not in spreadsheet
@book{astrom2010feedback,
  title={Feedback systems: an introduction for scientists and engineers},
  author={Astr{\"o}m, Karl Johan and Murray, Richard M},
  year={2010},
  publisher={Princeton university press}
}

% not in spreadsheet
@article{matsuishi1968fatigue,
  title={Fatigue of metals subjected to varying stress},
  author={Matsuishi, M and Endo, T},
  journal={Japan Society of Mechanical Engineers, Fukuoka, Japan},
  volume={68},
  number={2},
  pages={37--40},
  year={1968}
}

% not in spreadsheat
@book{jackson2013digital,
  title={Digital Filters and Signal Processing: With MATLAB{\textregistered} Exercises},
  author={Jackson, Leland B},
  year={2013},
  publisher={Springer Science \& Business Media}
}

% not in spreadsheet
@book{hendricks2008linear,
  title={Linear systems control: deterministic and stochastic methods},
  author={Hendricks, Elbert and Jannerup, Ole and S{\o}rensen, Paul Haase},
  year={2008},
  publisher={Springer Science \& Business Media}
}

% not in spreadsheet
@article{smith1997scientist,
  title={The scientist and engineer's guide to digital signal processing},
  author={Smith, Steven W and others},
  year={1997},
  publisher={California Technical Pub. San Diego}
}

% most fatigue loads occure below 2Hz for Nrel5MW
%not in spreadsheet
@inproceedings{bergami2014analysis,
  title={Analysis of aeroelastic loads and their contributions to fatigue damage},
  author={Bergami, Leonardo and Gaunaa, Mac},
  booktitle={Journal of Physics: Conference Series},
  volume={555},
  number={1},
  pages={012007},
  year={2014},
  organization={IOP Publishing}
}

